@article{movpe_jap,
  title={窒化物半導体気相エピタキシーの熱力学(&lt;小特集&gt;III族窒化物半導体の結晶成長はどこまで進んだか)},
  author={纐纈 明伯 and 関 壽},
  journal={日本結晶成長学会誌},
  volume={25},
  number={2},
  pages={81-98},
  year={1998},
  doi={10.19009/jjacg.25.2_81}
}