@book{alma991022421219705251,
address = {London},
booktitle = {Properties of group III nitrides},
isbn = {0852968183},
keywords = {Nitrides},
language = {eng},
lccn = {gb 95002185},
publisher = {INSPEC, Institution of Electrical Engineers},
series = {EMIS datareviews series ; no. 11},
title = {Properties of group III nitrides / edited by James H. Edgar.},
year = {1994 - 1994},
}

